@inproceedings{quattrociocchi2023energy,
  title={Energy Efficiency Optimization of a Wastewater Pumping Station Through IoT and AI: A Real-World Application of Digital Twins},
  author={Quattrociocchi, Alessandro and Subroto, Ramadhani Kurniawan and Oppedijk, Wybren Meinte and Dragi{\v{c}}evi{\'c}, Tomislav},
  booktitle={IECON 2023-49th Annual Conference of the IEEE Industrial Electronics Society},
  pages={1--6},
  year={2023},
  organization={IEEE}
}

@article{gebbran2022cloud,
  title={Cloud and edge computing for smart management of power electronic converter fleets: A key connective fabric to enable the green transition},
  author={Gebbran, Daniel and Barrag{\'a}n-Moreno, Alberto and G{\'o}mez, Pere Izquierdo and Subroto, Ramadhani Kurniawan and Mardani, Mohammad Mehdi and L{\'o}pez, Miguel and Quiroz, Javiera and Dragi{\v{c}}evi{\'c}, Tomislav},
  journal={IEEE Industrial Electronics Magazine},
  volume={17},
  number={2},
  pages={6--19},
  year={2022},
  publisher={IEEE}
}

@book{sioshansi2014distributed,
  title={Distributed generation and its implications for the utility industry},
  author={Sioshansi, Fereidoon},
  year={2014},
  publisher={Academic Press}
}

@article{newcomb2013distributed,
  title={Distributed energy resources: policy implications of decentralization},
  author={Newcomb, James and Lacy, Virginia and Hansen, Lena and Bell, Mathias},
  journal={The Electricity Journal},
  volume={26},
  number={8},
  pages={65--87},
  year={2013},
  publisher={Elsevier}
}

@article{moore1998emerging,
  title={Emerging markets for distributed resources},
  author={Moore, Taylor and Rastler, Dan and Herman, Doug},
  journal={Cogeneration and Competitive Power Journal},
  volume={13},
  number={4},
  pages={14--35},
  year={1998},
  publisher={Taylor \& Francis}
}

@inproceedings{elbuluk2008role,
  title={The role power electronics in future energy systems and green industrialization},
  author={Elbuluk, Malik and Idris, Nik Rumzi Nik},
  booktitle={2008 IEEE 2nd International Power and Energy Conference},
  pages={1--6},
  year={2008},
  organization={IEEE}
}

@misc{musumeci2023energy,
  title={Energy conversion using electronic power converters: technologies and applications},
  author={Musumeci, Salvatore},
  journal={Energies},
  volume={16},
  number={8},
  pages={3590},
  year={2023},
  publisher={MDPI}
}

@article{hossein2020internet,
  title={Internet of Things (IoT) and the energy sector},
  author={Hossein Motlagh, Naser and Mohammadrezaei, Mahsa and Hunt, Julian and Zakeri, Behnam},
  journal={Energies},
  volume={13},
  number={2},
  pages={494},
  year={2020},
  publisher={MDPI}
}

@article{cao2023digital,
  title={Digital technologies for net-zero energy transition: a preliminary study},
  author={Cao, Liwei and Hu, Peiyu and Li, Xiang and Sun, Hui and Zhang, Jinrui and Zhang, Chuan},
  journal={Carbon Neutrality},
  volume={2},
  number={1},
  pages={7},
  year={2023},
  publisher={Springer}
}

@inproceedings{bagherzadeh2020integration,
  title={Integration of cloud computing and IoT (CloudIoT) in smart grids: Benefits, challenges, and solutions},
  author={Bagherzadeh, Leila and Shahinzadeh, Hossein and Shayeghi, Hossein and Dejamkhooy, Abdolmajid and Bayindir, Ramazan and Iranpour, Mohammadreza},
  booktitle={2020 international conference on computational intelligence for smart power system and sustainable energy (CISPSSE)},
  pages={1--8},
  year={2020},
  organization={IEEE}
}

@inproceedings{shahinzadeh2018green,
  title={Green power island, a blue battery concept for energy management of high penetration of renewable energy sources with techno-economic and environmental considerations},
  author={Shahinzadeh, Hossein and Moradi, Jalal and Gharehpetian, Gevork B and Fathi, S Hamid and Abedi, Mehrdad},
  booktitle={2018 Smart Grid Conference (SGC)},
  pages={1--9},
  year={2018},
  organization={IEEE}
}

@article{li20185g,
  title={5G Internet of Things: A survey},
  author={Li, Shancang and Da Xu, Li and Zhao, Shanshan},
  journal={Journal of Industrial Information Integration},
  volume={10},
  pages={1--9},
  year={2018},
  publisher={Elsevier}
}


@inproceedings{karunarathne2018wireless,
  title={Wireless communication technologies in internet of things: A critical evaluation},
  author={Karunarathne, GGKWMSIR and Kulawansa, KADT and Firdhous, MFM},
  booktitle={2018 International conference on intelligent and innovative computing applications (ICONIC)},
  pages={1--5},
  year={2018},
  organization={IEEE}
}